<record><leader>00000cas a22000007a 4500</leader><controlfield tag="001">29947697</controlfield><controlfield tag="008">940311d19841991mauwr ne      0    0eng d</controlfield><datafield ind1=" " ind2=" " tag="010"><subfield code="a">sn 94055571 </subfield></datafield><datafield ind1=" " ind2=" " tag="040"><subfield code="a">MGN</subfield><subfield code="b">eng</subfield><subfield code="c">MGN</subfield><subfield code="d">OCLCQ</subfield></datafield><datafield ind1=" " ind2=" " tag="042"><subfield code="a">msc</subfield></datafield><datafield ind1="0" ind2=" " tag="130"><subfield code="a">Bridgewater townsman (Bridgewater, Mass. : 1984)</subfield></datafield><datafield ind1="1" ind2="4" tag="245"><subfield code="a">The Bridgewater townsman.</subfield></datafield><datafield ind1=" " ind2=" " tag="260"><subfield code="a">Bridgewater, Mass. :</subfield><subfield code="b">[s.n.]</subfield></datafield><datafield ind1=" " ind2=" " tag="300"><subfield code="a">v.</subfield></datafield><datafield ind1=" " ind2=" " tag="310"><subfield code="a">Weekly</subfield></datafield><datafield ind1="0" ind2=" " tag="362"><subfield code="a">Vol. 1, no. 1 (Mar. 29, 1984)-v. 8, no. 32 (Aug. 27, 1991).</subfield></datafield><datafield ind1=" " ind2=" " tag="500"><subfield code="a">Publishers: L. Barry French, 1984-1986; Louise D. Levin-Cutler, 1986-1988; David Warren, Mariner Newspapers, Inc., 1988-</subfield></datafield><datafield ind1=" " ind2=" " tag="500"><subfield code="a">Editor: L. Barry French.</subfield></datafield><datafield ind1="1" ind2=" " tag="700"><subfield code="a">French, L. Barry.</subfield></datafield><datafield ind1=" " ind2=" " tag="752"><subfield code="a">United States</subfield><subfield code="b">Massachusetts</subfield><subfield code="c">Plymouth</subfield><subfield code="d">Bridgewater.</subfield></datafield><datafield ind1="0" ind2=" " tag="775"><subfield code="t">Raynham townsman</subfield></datafield><datafield ind1="0" ind2="0" tag="785"><subfield code="t">Townsman (Bridgewater, Mass.)</subfield><subfield code="w">(DLC)sn 94055572</subfield></datafield><datafield ind1="1" ind2=" " tag="029"><subfield code="a">AU@</subfield><subfield code="b">000025893099</subfield></datafield></record>